@inproceedings{peters2003reinforcement,
  title={Reinforcement learning for humanoid robotics},
  author={Peters, Jan and Vijayakumar, Sethu and Schaal, Stefan},
  booktitle={Proceedings of the third IEEE-RAS international conference on humanoid robots},
  pages={1--20},
  year={2003}
}

@inproceedings{sutton2000policy,
  title={Policy gradient methods for reinforcement learning with function approximation},
  author={Sutton, Richard S and McAllester, David A and Singh, Satinder P and Mansour, Yishay},
  booktitle={Advances in neural information processing systems},
  pages={1057--1063},
  year={2000}
}

@article{grondman2012survey,
  title={A survey of actor-critic reinforcement learning: Standard and natural policy gradients},
  author={Grondman, Ivo and Busoniu, Lucian and Lopes, Gabriel AD and Babuska, Robert},
  journal={IEEE Transactions on Systems, Man, and Cybernetics, Part C (Applications and Reviews)},
  volume={42},
  number={6},
  pages={1291--1307},
  year={2012},
  publisher={IEEE}
}

@article{martens2014new,
  title={New insights and perspectives on the natural gradient method},
  author={Martens, James},
  journal={arXiv preprint arXiv:1412.1193},
  year={2014}
}

@article{amari1998natural,
  title={Natural gradient works efficiently in learning},
  author={Amari, Shun-Ichi},
  journal={Neural computation},
  volume={10},
  number={2},
  pages={251--276},
  year={1998},
  publisher={MIT Press}
}
